<?xml version="1.0" encoding="UTF-8"?><collection xmlns="http://www.loc.gov/MARC21/slim"><record><leader>00533nam--2200169-i-4500</leader><controlfield tag="001">000026850</controlfield><controlfield tag="002">20161230</controlfield><controlfield tag="005">20161230201036</controlfield><controlfield tag="008">060222s1000------------r-----000-0-eng-d</controlfield><datafield ind1=" " ind2=" " tag="040"><subfield code="a">IFIN-HH</subfield></datafield><datafield ind1=" " ind2=" " tag="080"><subfield code="a">538.214</subfield></datafield><datafield ind1="1" ind2=" " tag="100"><subfield code="a">Knapp, Gordon Stanley</subfield></datafield><datafield ind1="1" ind2="0" tag="245"><subfield code="a">The low temperature manetic susceptibilities of mo(fe), mo(co), rh(fe) and ir(fe)</subfield><subfield code="b">Dissertation</subfield><subfield code="c">Gordon stanley knapp</subfield></datafield><datafield ind1=" " ind2=" " tag="260"><subfield code="a">Ann Arbor, Michigan</subfield><subfield code="b">University Microfilms, Inc</subfield><subfield code="c">1967</subfield></datafield><datafield ind1=" " ind2=" " tag="300"><subfield code="a">XI + 76P</subfield></datafield><datafield ind1=" " ind2=" " tag="852"><subfield code="a">32333</subfield><subfield code="c">537:538</subfield></datafield><datafield ind1=" " ind2=" " tag="CAT"><subfield code="a">Sys</subfield><subfield code="c">20110616</subfield><subfield code="h">114418</subfield></datafield></record></collection>